/Users/jonesa7/bibliography/library.bib